<record><leader>00000cas a22000007a 4500</leader><controlfield tag="001">9957836</controlfield><controlfield tag="008">830928d18711921nyuwr ne      0    0eng d</controlfield><datafield ind1=" " ind2=" " tag="010"><subfield code="a">sn 83031688 </subfield></datafield><datafield ind1=" " ind2=" " tag="040"><subfield code="a">NPU</subfield><subfield code="b">eng</subfield><subfield code="c">NPU</subfield><subfield code="d">NPX</subfield><subfield code="d">NYS</subfield><subfield code="d">OCLCQ</subfield></datafield><datafield ind1=" " ind2=" " tag="042"><subfield code="a">msc</subfield></datafield><datafield ind1="0" ind2="4" tag="245"><subfield code="a">The Port Byron chronicle.</subfield></datafield><datafield ind1=" " ind2=" " tag="260"><subfield code="a">Port Byron, N.Y. :</subfield><subfield code="b">E. Clark</subfield></datafield><datafield ind1=" " ind2=" " tag="300"><subfield code="a">v. ;</subfield><subfield code="c">61 cm.</subfield></datafield><datafield ind1=" " ind2=" " tag="310"><subfield code="a">Weekly</subfield></datafield><datafield ind1="1" ind2=" " tag="362"><subfield code="a">Began in Oct. 1871?</subfield></datafield><datafield ind1="0" ind2=" " tag="362"><subfield code="a">-v. [51], no. 45 (Nov. 12, 1921).</subfield></datafield><datafield ind1=" " ind2=" " tag="500"><subfield code="a">Publishers: E. Clark, &lt;1873&gt;; Ransom &amp; Johnson, &lt;1876&gt;; Charles E. Johnson, &lt;1881-1882&gt;; L.H. King, &lt;1896&gt;-1921.</subfield></datafield><datafield ind1=" " ind2=" " tag="500"><subfield code="a">Editors: John L. Ransom, &lt;1876&gt;; Charles E. Johnson, &lt;1876&gt;.</subfield></datafield><datafield ind1=" " ind2=" " tag="515"><subfield code="a">Nov. 12, 1921 issue erroneously has Roman numerals "CI" for vol. numbering.</subfield></datafield><datafield ind1=" " ind2=" " tag="588"><subfield code="a">Description based on: Vol. 22, no. 29 (May 14, 1873).</subfield></datafield><datafield ind1=" " ind2="4" tag="651"><subfield code="a">Port Byron (N.Y.)</subfield><subfield code="v">Newspapers.</subfield></datafield><datafield ind1=" " ind2=" " tag="752"><subfield code="a">United States</subfield><subfield code="b">New York</subfield><subfield code="c">Cayuga</subfield><subfield code="d">Port Byron.</subfield></datafield><datafield ind1="0" ind2="7" tag="785"><subfield code="t">Cayuga County news</subfield><subfield code="w">(DLC)sn 90066090</subfield><subfield code="w">(OCoLC)21742046</subfield></datafield><datafield ind1="0" ind2="7" tag="785"><subfield code="t">Port Byron chronicle and Cayuga County news</subfield><subfield code="w">(DLC)sn 90066596</subfield><subfield code="w">(OCoLC)22789139</subfield></datafield><datafield ind1="1" ind2=" " tag="029"><subfield code="a">AU@</subfield><subfield code="b">000024692212</subfield></datafield></record>